<record><leader>00000cas a22000007a 4500</leader><controlfield tag="001">13026628</controlfield><controlfield tag="008">860115d1975197uhiuuu ne      0    0eng d</controlfield><datafield ind1=" " ind2=" " tag="010"><subfield code="a">sn 85047283 </subfield></datafield><datafield ind1=" " ind2=" " tag="040"><subfield code="a">HWN</subfield><subfield code="b">eng</subfield><subfield code="c">HWN</subfield><subfield code="d">OCLCQ</subfield><subfield code="d">OCLCF</subfield><subfield code="d">OCLCO</subfield></datafield><datafield ind1="1" ind2=" " tag="029"><subfield code="a">AU@</subfield><subfield code="b">000025320106</subfield></datafield><datafield ind1=" " ind2=" " tag="042"><subfield code="a">msc</subfield></datafield><datafield ind1=" " ind2=" " tag="043"><subfield code="a">n-us-hi</subfield></datafield><datafield ind1="0" ind2="0" tag="245"><subfield code="a">Native Hawaiian views.</subfield></datafield><datafield ind1=" " ind2=" " tag="260"><subfield code="a">Kaneohe, Hawai :</subfield><subfield code="b">Hou Hawaiians,</subfield><subfield code="c">1975-</subfield></datafield><datafield ind1=" " ind2=" " tag="300"><subfield code="a">v :</subfield><subfield code="b">ill. ;</subfield><subfield code="c">44 cm.</subfield></datafield><datafield ind1="0" ind2=" " tag="362"><subfield code="a">Vol. 1, no. 1 ([Oct. 1975])-</subfield></datafield><datafield ind1=" " ind2=" " tag="500"><subfield code="a">Editors: K. Price ... [et al.].</subfield></datafield><datafield ind1=" " ind2="0" tag="650"><subfield code="a">Hawaiians</subfield><subfield code="v">Periodicals.</subfield></datafield><datafield ind1=" " ind2="7" tag="655"><subfield code="a">Periodicals.</subfield><subfield code="2">fast</subfield><subfield code="0">(OCoLC)fst01411641</subfield></datafield><datafield ind1=" " ind2="7" tag="650"><subfield code="a">Hawaiians.</subfield><subfield code="2">fast</subfield><subfield code="0">(OCoLC)fst00952033</subfield></datafield><datafield ind1="1" ind2=" " tag="700"><subfield code="a">Price, Kamuela.</subfield></datafield><datafield ind1="2" ind2=" " tag="710"><subfield code="a">Hou Hawaiians.</subfield></datafield><datafield ind1=" " ind2=" " tag="752"><subfield code="a">United States</subfield><subfield code="b">Hawaii</subfield><subfield code="c">Honolulu</subfield><subfield code="d">Kaneohe.</subfield></datafield></record>